<record><leader>00000cas a22000007a 4500</leader><controlfield tag="001">19492623</controlfield><controlfield tag="008">890404d19481954gaucr ne      0    0eng d</controlfield><datafield ind1=" " ind2=" " tag="010"><subfield code="a">sn 89053127 </subfield></datafield><datafield ind1=" " ind2=" " tag="040"><subfield code="a">NLG</subfield><subfield code="b">eng</subfield><subfield code="c">NLG</subfield><subfield code="d">GUA</subfield><subfield code="d">OCLCQ</subfield><subfield code="d">OCLCF</subfield><subfield code="d">OCLCO</subfield></datafield><datafield ind1="1" ind2=" " tag="029"><subfield code="a">AU@</subfield><subfield code="b">000020538821</subfield></datafield><datafield ind1=" " ind2=" " tag="042"><subfield code="a">msc</subfield></datafield><datafield ind1=" " ind2=" " tag="043"><subfield code="a">n-us-ga</subfield></datafield><datafield ind1="0" ind2=" " tag="130"><subfield code="a">Times-free press (Carrollton, Ga. : 1948)</subfield></datafield><datafield ind1="1" ind2="4" tag="245"><subfield code="a">The times-free press.</subfield></datafield><datafield ind1=" " ind2=" " tag="260"><subfield code="a">Carrollton, Ga. :</subfield><subfield code="b">Carroll Pub. Co.,</subfield><subfield code="c">[1948-1954]</subfield></datafield><datafield ind1=" " ind2=" " tag="300"><subfield code="a">volumes</subfield></datafield><datafield ind1=" " ind2=" " tag="310"><subfield code="a">Semiweekly</subfield></datafield><datafield ind1=" " ind2=" " tag="336"><subfield code="a">text</subfield><subfield code="b">txt</subfield><subfield code="2">rdacontent</subfield></datafield><datafield ind1=" " ind2=" " tag="337"><subfield code="a">unmediated</subfield><subfield code="b">n</subfield><subfield code="2">rdamedia</subfield></datafield><datafield ind1=" " ind2=" " tag="338"><subfield code="a">volume</subfield><subfield code="b">nc</subfield><subfield code="2">rdacarrier</subfield></datafield><datafield ind1="0" ind2=" " tag="362"><subfield code="a">78th year, no. 31 (Aug. 3, 1948)-84th year, no. 4 (Jan. 14, 1954).</subfield></datafield><datafield ind1=" " ind2=" " tag="530"><subfield code="a">Also on microfilm: Athens, Ga. : University of Georgia Libraries.</subfield></datafield><datafield ind1=" " ind2=" " tag="580"><subfield code="a">Formed by the union of: Carroll County times (Carrollton, Ga. : 1872), and: Carroll free press (Carrollton, Ga.).</subfield></datafield><datafield ind1=" " ind2="0" tag="651"><subfield code="a">Carroll County (Ga.)</subfield><subfield code="v">Newspapers.</subfield></datafield><datafield ind1=" " ind2="7" tag="655"><subfield code="a">Newspapers.</subfield><subfield code="2">fast</subfield><subfield code="0">(OCoLC)fst01423814</subfield></datafield><datafield ind1=" " ind2="7" tag="651"><subfield code="a">Georgia</subfield><subfield code="z">Carroll County.</subfield><subfield code="2">fast</subfield><subfield code="0">(OCoLC)fst01211775</subfield></datafield><datafield ind1=" " ind2=" " tag="752"><subfield code="a">United States</subfield><subfield code="b">Georgia</subfield><subfield code="c">Carroll</subfield><subfield code="d">Carrollton.</subfield></datafield><datafield ind1="1" ind2="4" tag="780"><subfield code="t">Carroll County times (Carrollton, Ga. : 1872)</subfield><subfield code="w">(DLC)sn 85034016</subfield><subfield code="w">(OCoLC)12367760</subfield></datafield><datafield ind1="1" ind2="4" tag="780"><subfield code="t">Carroll free press (Carrollton, Ga.)</subfield><subfield code="w">(DLC)sn 89053126</subfield><subfield code="w">(OCoLC)19492517</subfield></datafield><datafield ind1="0" ind2="0" tag="785"><subfield code="t">Daily times-free press</subfield><subfield code="w">(DLC)sn 89053128</subfield><subfield code="w">(OCoLC)19492702</subfield></datafield></record>